%Exemplos de entradas bibliográficas EM BRANCO.
%Preencha os campos obrigatórios conforme ABNT 6023.
%Artigo
@article{,
	author  = {},
	title   = {},
	journal = {},
	ISSN    = {},
	volume  = {},
	number  = {},
	month   = {},
	year    = {},
	pages   = {},
	doi     = {},
	url     = {},
	urlaccessdate = {},
}

%Livro com um autor
@book{,
	author     = {},
	title      = {},
	edition    = {},
	address    = {},
	publisher  = {},
	year       = {},
	translator = {},
}

%Livro com Organizador (Org.)
@collection{,
	editor     = {},
	editortype = {Org.},
	title      = {},
	edition    = {},
	address    = {},
	publisher  = {},
	year       = {}, 
}

%Manual - Por exemplo, as normas da ABNT
@manual{abnt,
	org-short    = {ABNT},
	organization = {Associa\c c\~ao Brasileira de Normas Técnicas},
	title        = {NBR},
	subtitle     = {Informação e documentação --- XX --- XX},
	address      = {},
	year		 = {},
	pagetotal	 = {},
}

%Dissertação de mestrado
@thesis{,
	author      = {},
	title       = {},
	type        = {Dissertação (Mestrado ...)},
	school      = {},
	address     = {},
	month       = {},
	year        = {},
	pages       = {},
	pagename    = {f.},
}

%Tese de doutorado
@thesis{,
	author      = {},
	title       = {},
	type        = {Tese (Doutorado ...)},
	school      = {},
	address     = {},
	month       = {},
	year        = {},
	pages       = {},
	pagename    = {f.},
}

%Leis (a entrada é feita como @article)
@article{,
	organization = {},
	title        = {},
	subtitle	 = {},
	journal      = {},
	year         = {},
	issn         = {},
	url          = {},
	urlaccessdate= {},
	address      = {},
}

%==============================================================
%Exemplos de entradas bibliográficas PREENCHIDAS COMO MODELO.
%==============================================================
@article{Smurf1980,
	author  = {Papai Smurf},
	title   = {Como preparar trufas azuis},
	journal = {The Smurfs Newsletters},
	ISSN    = {123-456-789},
	volume  = {1},
	number  = {1},
	month   = {Jan.},
	year    = {1980},
	pages   = {1-10},
	doi     = {http://doi.com.com},
	url     = {http://www.thesmurfs.com.com},
	urlaccessdate = {10 jun. 1981},
}

%Livro com um autor
@book{Vingadores2015,
	author     = {Homem de Ferro},
	title      = {Como destruir Thanos},
	edition    = {1},
	address    = {Nova York},
	publisher  = {Ed. de Nova York},
	year       = {2015},
	translator = {Gavião Arqueiro},
}

%Livro com Organizador (Org.)
@collection{Flintstones1900,
	editor     = {Fred Flinstone},
	editortype = {Org.},
	title      = {A vida na Idade da Pedra},
	edition    = {37},
	address    = {Bedrock},
	publisher  = {Pedra Lascada},
	year       = {1900}, 
}

%Manual - Por exemplo, as normas da ABNT
@manual{abnt14721,
	org-short    = {ABNT},
	organization = {Associa\c c\~ao Brasileira de Normas Técnicas},
	title        = {NBR},
	subtitle     = {Informação e documentação --- XX --- XX},
	address      = {},
	year		 = {},
	pagetotal	 = {},
}

%Dissertação de mestrado
@thesis{Vingadores2016,
	author      = {Thor de Asgard},
	title       = {Como eu engordei por causa de Thanos},
	type        = {Dissertação (Mestrado em Mitologia Nórdica)},
	school      = {Universidade de Asgard},
	address     = {Outro planeta},
	month       = {Abr.},
	year        = {2016},
	pages       = {325},
	pagename    = {f.},
}

%Tese de doutorado
@thesis{Thor2017,
	author      = {Thor de Asgard},
	title       = {O meu martelo e Eu: uma história de poder},
	type        = {Tese (Doutorado em Mitologia Nórdica e Instrumentos de Guerra)},
	school      = {Universidade de Asgard},
	address     = {Outro Planeta},
	month       = {Jun.},
	year        = {2017},
	pages       = {514},
	pagename    = {f.},
}

%Leis (a entrada é feita como @article)
@article{,
	organization = {},
	title        = {},
	subtitle	 = {},
	journal      = {},
	year         = {},
	issn         = {},
	url          = {},
	urlaccessdate= {},
	address      = {},
}